@article{lighthill1952sound,
  author={Lighthill, M.J.},
  title={On sound generated aerodynamically I. General theory},
  journal={Proc. R. Soc. Lond.A Math. Phys. Sci.},
  volume={211},
  pages={564-587},
  year={1952},
}

@article{curle1955influence,
  title={The influence of solid boundaries upon aerodynamic sound},
  author={Curle, N},
  journal={Proceedings of the Royal Society of London. Series A. Mathematical and Physical Sciences},
  volume={231},
  pages={505-514},
  year={1955},
}

@article{ffowcs1969sound,
  title={Sound generation by turbulence and surfaces in arbitrary motion},
  author={Ffowcs Williams, John E and Hawkings, David L},
  journal={Philosophical Transactions of the Royal Society of London. Series A, Mathematical and Physical Sciences},
  volume={264},
  pages={321-342},
  year={1969},
}

@article{FARASSAT1988451,
  title={Extension of Kirchhoff's formula to radiation from moving surfaces},
  author={F. Farassat and M.K. Myers},
  journal={Journal of Sound and Vibration},
  volume={123},
  pages={451-460},
  year={1988},
}

@article{jamaluddin,
  title={The collapse of single bubbles and approximation of the far-field acoustic emissions for cavitation induced by shock wave lithotripsy},
  author={Jamaluddin, A. R. and Ball, G. J. and Turangan, C. K. and Leighton, T. G.},
  journal={Journal of Fluid Mechanics},
  volume={677},
  pages={305–341},
  year={2011},
}


@book{howe2003theory,
  title={Theory of vortex sound},
  author={Howe, MS},
  year={2003},
  publisher={Cambridge university press}
}

@article{Rayleigh,
    author        = {Rayleigh, L.},
    title         = {On the pressure developed in a liquid during the collapse of a spherical cavity},
    journaltitle  = {Philosophical Magazine},
    year          = {1917},
    volume        = {34},
    number        = {},
    pages         = {94-98},
    doi           = {}
}

@article{Plesset,
    author        = {Plesset, M. S. and Prosperetti, A.},
    title         = {Bubble dynamics and cavitation},
    journaltitle  = {Annual Review of Fluid Mechanics},
    year          = {1977},
    volume        = {9},
    number        = {},
    pages         = {145-185},
    doi           = {https://doi.org/10.1146/annurev.fl.09.010177.001045}
}

@article{BALSARA,
    author        = {Dinshaw S. Balsara and Sudip Garain and Vladimir Florinski and Walter Boscheri},
    title         = {An efficient class of WENO schemes with adaptive order for unstructured meshes},
    journaltitle  = {Journal of Computational Physics},
    year          = {2020},
    volume        = {404},
    issn          = {0021-9991},
    pages         = {109062},
    doi           = {}
}

@article{Prosperetti,
    author        = {Prosperetti, A.},
    title         = {A generalization of the Rayleigh–Plesset equation of bubble dynamics},
    journaltitle  = {Physics of Fluids},
    year          = {1982},
    volume        = {25(3)},
    number        = {},
    pages         = {409-410},
    doi           = {}
}

@article{SHUKLA20107411,
title = {An interface capturing method for the simulation of multi-phase compressible flows},
journal = {Journal of Computational Physics},
volume = {229},
number = {19},
pages = {7411-7439},
year = {2010},
issn = {0021-9991},
doi = {https://doi.org/10.1016/j.jcp.2010.06.025},
author = {Ratnesh K. Shukla and Carlos Pantano and Jonathan B. Freund},
}

@article{SHUKLA2014508,
title = {Nonlinear preconditioning for efficient and accurate interface capturing in simulation of multicomponent compressible flows},
journal = {Journal of Computational Physics},
volume = {276},
pages = {508-540},
year = {2014},
issn = {0021-9991},
doi = {https://doi.org/10.1016/j.jcp.2014.07.034},
author = {Ratnesh K. Shukla}
}

@article{Pantano,
author = {Saurel, Richard and Pantano, Carlos},
title = {Diffuse-Interface Capturing Methods for Compressible Two-Phase Flows},
journal = {Annual Review of Fluid Mechanics},
volume = {50},
number = {1},
pages = {105-130},
year = {2018},
doi = {10.1146/annurev-fluid-122316-050109}
}
@article{freund2009shock,
  title={Shock-induced bubble jetting into a viscous fluid with application to tissue injury in shock-wave lithotripsy},
  author={Freund, JB and Shukla, RK and Evan, AP},
  journal={The Journal of the Acoustical Society of America},
  volume={126},
  number={5},
  pages={2746--2756},
  year={2009},
  publisher={Acoustical Society of America}
}